@article{gibson2000,
  title={Efficient exact stochastic simulation of chemical systems with many species and many channels},
  author={Gibson, M.A. and Bruck, J.},
  journal={The journal of physical chemistry A},
  volume={104},
  number={9},
  pages={1876--1889},
  year={2000},
  publisher={ACS Publications}
}

@article{ina2012,
  title={intrinsic Noise Analyzer: A Software Package for the Exploration of Stochastic Biochemical Kinetics Using the System Size Expansion},
  author={Thomas, P. and Matuschek, H. and Grima, R.},
  journal={PLoS ONE},
  volume={7},
  number={6},
  pages={e38518},
  year={2012},
  publisher={Public Library of Science}
}

@article{grima2011,
  title={How accurate are the nonlinear chemical Fokker-Planck and chemical Langevin equations?},
  author={Grima, R. and Thomas, P. and Straube, A.V.},
  journal={The Journal of chemical physics},
  volume={135},
  pages={084103},
  year={2011}
}


@techreport{fehlberg69,
  title={Low-order classical Runge-Kutta formulas with stepsize control and their application to some heat transfer problems},
  author={Fehlberg, E.},
  year={1969},
  institution={National Aeronautics and Space Administration},
  number={315}
}

@book{press86,
  title={Numerical recipes},
  author={Press, W.H. and Flannery, B.P. and Teukolsky, S.A. and Vetterling, W.T. and others},
  year={1986},
  publisher={Cambridge Univ Press}
}

@book{press2007,
  title={Numerical Recipes 3rd Edition},
  author={Press, W.H. and Flannery, B.P. and Teukolsky, S.A. and Vetterling, W.T. and others},
  year={2007},
  publisher={Cambridge Univ Press}
}

@book{abramowitz64,
  title={Handbook of mathematical functions with formulas, graphs, and mathematical tables},
  author={Abramowitz, M. and Stegun, I.A.},
  volume={55},
  number={1972},
  year={1964},
  publisher={Dover publications}
}

@article{gillespie1976,
  title={A general method for numerically simulating the stochastic time evolution of coupled chemical reactions},
  author={Gillespie, D.T.},
  journal={Journal of computational physics},
  volume={22},
  number={4},
  pages={403--434},
  year={1976},
  publisher={Elsevier}
}

@article{gillespie1977,
  title={Exact stochastic simulation of coupled chemical reactions},
  author={Gillespie, D.T.},
  journal={The journal of physical chemistry},
  volume={81},
  number={25},
  pages={2340--2361},
  year={1977},
  publisher={ACS Publications}
}

@article{gillespie2000,
  title={The chemical Langevin equation},
  author={Gillespie, D.T.},
  journal={The Journal of Chemical Physics},
  volume={113},
  pages={297},
  year={2000}
}

@article{gillespie2007,
  title={Stochastic simulation of chemical kinetics},
  author={Gillespie, D.T.},
  journal={Annu. Rev. Phys. Chem.},
  volume={58},
  pages={35--55},
  year={2007},
  publisher={Annual Reviews}
}

@article{shampine1982,
 author = {Shampine, L. F.},
 title = {Implementation of Rosenbrock Methods},
 journal = {ACM Trans. Math. Softw.},
 volume = {8},
 issue = {2},
 year = {1982},
 pages = {93--113},
 numpages = {21},
 publisher = {ACM},
 address = {New York, NY, USA},
}

@article{elf2003,
  title={Fast evaluation of fluctuations in biochemical networks with the linear noise approximation},
  author={Elf, J. and Ehrenberg, M.},
  journal={Genome research},
  volume={13},
  number={11},
  pages={2475--2484},
  year={2003},
  publisher={Cold Spring Harbor Lab}
}

@article{grima2010,
  title={An effective rate equation approach to reaction kinetics in small volumes: Theory and application to biochemical reactions in nonequilibrium steady-state conditions},
  author={Grima, R.},
  journal={The Journal of chemical physics},
  volume={133},
  pages={035101},
  year={2010}
}

@book{vanKampen,
  title={Stochastic processes in physics and chemistry},
  author={van Kampen, N.G.},
  year={2007},
  publisher={North Holland}
}

@article{cao2004,
  title={Efficient formulation of the stochastic simulation algorithm for chemically reacting systems},
  author={Cao, Y. and Li, H. and Petzold, L.},
  journal={The journal of chemical physics},
  volume={121},
  pages={4059},
  year={2004}
}

@article{vallabhajosyula2006,
  title={Conservation analysis of large biochemical networks},
  author={Vallabhajosyula, R.R. and Chickarmane, V. and Sauro, H.M.},
  journal={Bioinformatics},
  volume={22},
  number={3},
  pages={346--353},
  year={2006},
  publisher={Oxford Univ Press}
}

@book{aho2007,
  title={Compilers: principles, techniques, \& tools},
  author={Aho, A.V.},
  isbn={9780321486813},
  lccn={2006024333},
  series={Addison-Wesley series in computer science},
  year={2007},
  publisher={Pearson/Addison Wesley}
}

@book{kelley2003,
  title={Solving nonlinear equations with Newton's method},
  author={Kelley, C.T.},
  volume={1},
  year={2003},
  publisher={Society for Industrial Mathematics}
}

